<?xml version="1.0" encoding="UTF-8"?><collection xmlns="http://www.loc.gov/MARC21/slim"><record><leader>00486nam--2200169-i-4500</leader><controlfield tag="001">000011646</controlfield><controlfield tag="002">20161230</controlfield><controlfield tag="005">20161230201029</controlfield><controlfield tag="008">060222s1000------------r-----000-0-eng-d</controlfield><datafield ind1=" " ind2=" " tag="040"><subfield code="a">IFIN-HH</subfield></datafield><datafield ind1=" " ind2=" " tag="080"><subfield code="a">806.0:801.5/(076)</subfield></datafield><datafield ind1="1" ind2=" " tag="100"><subfield code="a">Dumitrescu, Domnita</subfield></datafield><datafield ind1="1" ind2="0" tag="245"><subfield code="a">Gramatica limbii spaniole prin exercitii structurale</subfield><subfield code="c">Domnita dumitrescu</subfield></datafield><datafield ind1=" " ind2=" " tag="260"><subfield code="a">Bucuresti</subfield><subfield code="b">Editura Stiintifica Si Enciclopedica</subfield><subfield code="c">1976</subfield></datafield><datafield ind1=" " ind2=" " tag="300"><subfield code="a">390P</subfield></datafield><datafield ind1=" " ind2=" " tag="852"><subfield code="a">43120</subfield><subfield code="c">4</subfield></datafield><datafield ind1=" " ind2=" " tag="CAT"><subfield code="a">Sys</subfield><subfield code="c">20130206</subfield><subfield code="h">153916</subfield></datafield></record></collection>